@inbook{jensen_bnet,
    author    = "F.Jensen",
    title     = "Introduction to Bayesian Networks",
    year      = "1997",
	chapter   = "4"
}